@ARTICLE{GEM,
  Title                    = {{GEM: A new concept for electron amplification in gas detectors}},
  Author                   = {F. Sauli},
  Journal                  = {{Nuclear Instruments and Methods in Physics Research Section A: Accelerators, Spectrometers, Detectors and Associated Equipment}},
  Year                     = {1997},
  Month                   = {feb},
  Pages                    = {531 - 534},
  doi = {10.1016/S0168-9002(96)01172-2},
  Volume                   = {386}
}


@ARTICLE{MarlinTPC,
  Title                    = {MarlinTPC: A Marlin based common TPC software framework for the LC-TPC-TPC Collaboration.},
  Author                   = {Jason Abernathy and Klaus Dehmelt and Ralf Diener and Jim Hunt and Matthias Enno Janssen and Martin Killenberg and Thorsten Krautscheid and Astrid M{\"u}nnich and Martin Ummenhofer and Adrian Vogel and Peter Wienemann},
  Journal                  = {LC Notes},
  Year                     = {2007},
  Cid                      = {I:(DE-H253)FLC-20120731},
  Cin                      = {FLC-EXP},
  Experiment               = {EXP:(DE-H253)ILC(machine)-20150101},
  Pid                      = {G:(DE-H253)POF1-ILC-20130405},
  Pnm                      = {Facility (machine) ILC R{\&}D (POF1-510)},
  Reportid                 = {PHPPUBDB-5299, LC-TOOL-2007-001},
  Typ                      = {PUB:(DE-HGF)25},
  Url                      = {http://bib-pubdb1.desy.de/record/83142}
}


@ARTICLE{ILCTDR,
  author = {Ties Behnke and James E. Brau and Philip N. Burrows and Juan Fuster
        and Michael Peskin and Marcel Stanitzki and Yasuhiro Sugimoto and
        Sakue Yamada and Hitoshi Yamamoto (eds.)},
  title = {{The International Linear Collider Technical Design Report - Volume 4: Detectors}},
  journal = {arXiv e-prints},
  year = {2013},
  month = jun,
  eprint = {1306.6329},
  primaryClass = {physics.ins-det},
  reportno = {ILC-REPORT-2013-040; ANL-HEP-TR-13-20; BNL-100603-2013-IR; IRFU-13-59;
        CERN-ATS-2013-037; Cockcroft-13-10; CLNS 13/2085; DESY 13-062; FERMILAB
        TM-2554; IHEP-AC-ILC-2013-001; INFN-13-04/LNF; JAI-2013-001; JINR
        E9-2013-35; JLAB-R-2013-01; KEK Report 2013-1; KNU/CHEP-ILC-2013-1;
        LLNL-TR-635539; SLAC-R-1004; ILC-HiGrade-Report-2013-003}
}
  


% Micromegas reference
@ARTICLE{MICROMEGAS,
  Title                    = {{MICROMEGAS: a high-granularity position-sensitive gaseous detector for high particle-flux environments }},
  Author                   = {Y. Giomataris and Ph. Rebourgeard and J.P. Robert and G. Charpak},
  Journal                  = {{Nuclear Instruments and Methods in Physics Research Section A: Accelerators, Spectrometers, Detectors and Associated Equipment }},
  Year                     = {1996},
  Number                   = {1},
  Pages                    = {29 - 35},
  Volume                   = {376},
  Doi                      = {10.1016/0168-9002(96)00175-1},
  ISSN                     = {0168-9002}
}



% last note / paper on results from the DESY group
@ARTICLE{DESYGEM,
      author = {Diener, R. and Behnke, T. and Caiazza, S. and Heinze, I. and {Prahl}, V. and Rosemann, C. and Sch{\"a}fer, O. and Timmermans, J. and {Volkenborn}, R. and Zenker, K.},
      title = {{Beam Test with a GridGEM TPC Prototype Module}},
      journal = {arXiv e-prints},
      archivePrefix = {arXiv},
      eprint = {1202.6510},
      note = {arXiv:1202.6510},
      primaryClass = {physics.ins-det},
      keywords = {{Physics - Instrumentation and Detectors}},
      year = {2012},
      month = {feb}
}


@misc{EUDET ,
  title = {{Homepage of the EUDET project}},
  year = "2016",
  url = {http://www.eudet.org/} ,
  note = "[Online; accessed 22-April-2016]"
}

@misc{AIDA ,
  title = {{Homepage of the AIDA project}},
  year = "2016",
  url = {http://aida-old.web.cern.ch/aida-old/index.html},
  note = "[Online; accessed 22-April-2016]"
}

@misc{LCTPC ,
  title = {{Homepage of the LCTPC collaboration}},
  year = "2016",
  url = {http://www.lctpc.org},
  note = "[Online; accessed 22-April-2016]"
}
  


@ARTICLE{Schade,
  Title                    = {A lightweight field cage for a large {TPC} prototype for the {ILC}},
  Author                   = {T. Behnke and K. Dehmelt and R. Diener and L. Steder and T. Matsuda and V. Prahl and P. Schade},
  Journal                  = {{Journal of Instrumentation}},
  Year                     = {2010},
  Number                   = {10},
  Pages                    = {{P10011}},
  Volume                   = {5},
  Comment                  = {{LP reference note}},
  Doi                      = {10.1088/1748-0221/5/10/P10011}
}



% reference to the connectors used
@misc{Connector ,
  title = {{JAE Connector WR Series}},
  year = "2016",
  url = {http://jae-connector.com/en/general\_en.cfm?l\_code=EN&series\_code=WR},
  note = "[Online; accessed 22-April-2016]"
}

@PhdThesis{HallermannPhD,
  Title                    = {{Analysis of GEM Properties and Development of a GEM Support Structure for the ILD Time Projection Chamber}},
  Author                   = {L. Hallermann},
  School                   = {{Universit\"at Hamburg}},
  Year                     = {2010},
  Note                     = {{DESY-THESIS-10-015}},
  url                      = {http://www-library.desy.de/cgi-bin/showprep.pl?desy-thesis-10-015}
}

@article{1748-0221-8-12-P12009,
  author={T Behnke and R Diener and C Rosemann and L Steder},
  title={A novel self-supporting GEM-based amplification structure for a Time Projection Chamber at the ILC},
  journal={Journal of Instrumentation},
  volume={8},
  number={12},
  pages={P12009},
  url={http://stacks.iop.org/1748-0221/8/i=12/a=P12009},
  year={2013},
  abstract={Modern Time Projection Chambers are increasingly based on micro-pattern gas detector readout systems. In this paper a self-supporting method used to mount Gas Electron Multiplier foils is presented. It is based on light weight ceramic grids, and promises to cover large readout areas with minimum dead zones and material, while ensuring a flat and mechanically stable mounting. The structure has been tested in a Time Projection Chamber prototype, using cosmic muon tracks. The impact of the mounting structure on the charge measurement, the track reconstruction and the single point resolution is quantified.}
}


@PhdThesis{ZenkerPhD,
  Title                    = {{Studies of field distortions in a Time Projection Chamber for the International Linear Collider}},
  Author                   = {Zenker, Klaus},
  School                   = {{University of Hamburg}},
  Year                     = {2014},
  Note                     = {{DESY-THESIS-14-044}},
  url                      = {http://www-library.desy.de/cgi-bin/showprep.pl?desy-thesis-14-044}
}


@ARTICLE{ALTROchip,
      author         = {Esteve Bosch, R. and Jimenez de Parga, A. and Mota, B. and Musa, L.},
      title          = {{The ALTRO chip: A 16-channel A/D converter and digital
                        processor for gas detectors}},
      journal        = {IEEE Trans. Nucl. Sci.},
      volume         = {50},
      year           = {2003},
      pages          = {2460-2469},
      doi            = {10.1109/TNS.2003.820629}
}
@ARTICLE{SALTRO,
      author         = {Aspell, Paul and De Gaspari, Massimiliano and Franca,
                        Hugo and Garcia, Eduardo Garcia and Musa, Luciano},
      title          = {{Super-Altro 16: A front-end system on chip for DSP based
                        readout of gaseous detectors}},
      journal        = {IEEE Trans.Nucl.Sci.},
      number         = {2},
      volume         = {60},
      pages          = {1289-1295},
      doi            = {{10.1109/TNS.2013.2250305}},
      year           = {2013}
}
@ARTICLE{ALTRO2014,
  Title                    = {{Front-end electronics for the TPC in ILD; a status report April 2014}},
  Author                   = {Leif J{\"o}nsson},
  Journal                  = {{LC Notes}},
  Year                     = {2014},
  Volume                   = {{LC-DET-2014-007}},
  Url                      = {http://flc.desy.de/lcnotes}
}



@ARTICLE{pcmag:magnet,
    author     = {Yamamoto, A. and Anraku, K. and Golden, R. and Haga, T. and 
	{Higashi}, Y. and Imori, M. and Inaba, S. and Kimbell, B. and 
	{Kimura}, N. and Makida, Y.},
    title      = {{Balloon-borne experiment with a superconducting solenoidal magnet spectrometer}},
    journal    = {{Advances in Space Research}},
    year       = {1994},
    month      = {feb},
    volume     = {14},
    pages      = {2},
    doi        = {10.1016/0273-1177(94)90071-X}
}



@ARTICLE{pcmag:fieldmeas,
  Title                    = {{First Version of the PCMAG Field Map}},
  Year                     = {2007},
  Journal                  = {{Eudet-Memo}},
  Volume                   = {{2007-51}},
  Author  = {J. Alozy and F. Bergsma and F. Formenti and others},
  url                      ={http://www.eudet.org/e26/e28/e182/e599/eudet-memo-2007-51.pdf}
}


@MastersThesis{pcmag:fieldana,
  Title                    = {{Magnetic Field Map for a Large TPC Prototype}},
  Author                   = {Christian Grefe},
  School                   = {{Universit\"at Hamburg}},
  Year                     = {2008},
  Month                    = {{June}},
  Note                     = {{DESY-THESIS-2008-052}},
  url			  = {http://www-library.desy.de/cgi-bin/showprep.pl?desy-thesis-08-052}
}


@misc{TPCslowcontrol ,
  title = {{Homepage of DOOCS}},
  year = "2016",
  url = {http://tesla.desy.de/doocs/doocs.html},
  note = "[Online; accessed 22-April-2016]"
}

%linear collider software
@ARTICLE{lcsoft,
      author         = {Behnke, Ties and Gaede, Frank},
      title          = {{Software for the International Linear Collider:
                        Simulation and reconstruction frameworks}},
      booktitle      = {{Linear collider. Proceedings, International Workshop,
                        LCWS06, Bangalore, India, March 9-13, 2006}},
      journal        = {Pramana},
      volume         = {69},
      year           = {2007},
      pages          = {1089-1092},
      doi            = {10.1007/s12043-007-0233-z}
}

@ARTICLE{Marlin,
  author = {Gaede, F.},
  title = {{Marlin and LCCD: Software tools for the ILC}},
  journal = {Nucl.Instrum.Meth.},
  year = {2006},
  volume = {A559},
  pages = {177-180},
  doi = {10.1016/j.nima.2005.11.138}
}

@ARTICLE{lcio,
  author = {Gaede, Frank and Behnke, Ties and Graf, Norman and Johnson, Tony},
  title = {{LCIO: A Persistency framework for linear collider simulation studies}},
  journal = {eConf},
  year = {2003},
  volume = {C0303241},
  pages = {TUKT001},
  note = {SLAC-PUB-9992, CHEP-2003-TUKT001},
  archiveprefix = {arXiv},
  eprint = {physics/0306114},
  primaryclass = {physics}
}


%Hough transform
@TECHREPORT{KleinwortHough,
author       = {Kleinwort, Claus},
title        = {{A} {T}rack {F}inding {M}ethod for a {TPC} {B}ased on fast
{H}ough {T}ransformation},
reportid     = {PUBDB-2014-04485},
series       = {LC notes},
pages        = {1-12},
year         = {2014},
note         = {OA},
institution  = {DESY},
abstract     = {This document describes a global track finding algorithm
using a fast Hough transformation developed for a prototype
TPC with pad readout and later extended for pixelated
readout.},
cin          = {FLC},
cid          = {I:(DE-H253)FLC-20120731},
pnm          = {513 - Preparation for a future lepton collider (POF2-513)},
pid          = {G:(DE-HGF)POF2-513},
experiment   = {EXP:(DE-MLZ)NOSPEC-20140101},
typ          = {PUB:(DE-HGF)15},
url          = {http://bib-pubdb1.desy.de/record/193046},
}



@ARTICLE{KleinwortGBL,
      author         = {{Kleinwort, Claus}},
      title          = {{General Broken Lines as advanced track fitting method}},
      journal        = {Nucl. Instrum. Meth.},
      volume         = {A673},
      year           = {2012},
      pages          = {107-110},
      doi            = {10.1016/j.nima.2012.01.024},
      note           = {arXiv:1201.4320},
      eprint         = {1201.4320},
      archivePrefix  = {arXiv},
      primaryClass   = {physics.ins-det},
      reportNumber   = {DESY-12-011},
      SLACcitation   = {%%CITATION = ARXIV:1201.4320;%%}
}


@misc{GBLWiki ,
  author = {{Kleinwort, Claus}},
  title = {{General Broken Lines wiki page}},
  year = "2016",
  url = {https://www.wiki.terascale.de/index.php/GeneralBrokenLines},
  note = "[Online; accessed 22-April-2016]"
}

%LC Track Parameter
@ARTICLE{LC-DET-2006-004,
author       = {Kraemer, T.},
title        = {{T}rack {P}arameters in {LCIO}},
journal      = {LC Notes},
reportid     = {PHPPUBDB-2955, LC-DET-2006-004},
year         = {2006},
cin          = {FLC-EXP},
cid          = {I:(DE-H253)FLC-20120731},
pnm          = {Facility (machine) ILC $R\&D$ (POF1-510)},
pid          = {G:(DE-H253)POF1-ILC-20130405},
experiment   = {EXP:(DE-H253)ILC(machine)-20150101},
typ          = {PUB:(DE-HGF)25 / PUB:(DE-HGF)15},
url          = {http://bib-pubdb1.desy.de/record/81214},
}

%Garfield
@ARTICLE{Garfield,
      author         = {Veenhof, R.},
      title          = {{Garfield, a drift chamber simulation program}},
      booktitle      = {{Programming and mathematical techniques in physics.
                        Proceedings, International Conference on programming and
                        mathematical methods for solving physical problems, Dubna,
                        Russia, June 14-19, 1993}},
      journal        = {Conf. Proc.},
      volume         = {C9306149},
      year           = {1993},
      pages          = {66-71}
}

% definition of resolution
@ARTICLE{resolution,
  Title                    = {{Resolution studies of cosmic-ray tracks in a {TPC} with {GEM} readout}},
  Author                   = {R.K. Carnegie and M.S. Dixit and J. Dubeau and D. Karlen and J.-P. Martin and H. Mes and K. Sachs},
  Journal                  = {{Nuclear Instruments and Methods in Physics Research Section A: Accelerators, Spectrometers, Detectors and Associated Equipment }},
  Year                     = {2005},
  Number                   = {1-3},
  Pages                    = {372 - 383},
  Volume                   = {538},
  Doi                      = {10.1016/j.nima.2004.08.132},
  ISSN                     = {0168-9002},
  Keywords                 = {{Gaseous detectors}}
}


%millepede
@ARTICLE{millepedeNIM,
   author = {Blobel, V.},
    title = {{Software alignment for tracking detectors}},
  journal = {{Nuclear Instruments and Methods in Physics Research A}},
     year = 2006,
    month = oct,
   volume = 566,
    pages = {5-13},
      doi = {10.1016/j.nima.2006.05.157}
}

@misc{millepedeWiki ,
  author = {{Kleinwort, Claus}},
  title = {{Millepede II wiki page}},
  year = "2016",
  url = {https://www.wiki.terascale.de/index.php/Millepede_II},
  note = "[Online; accessed 22-April-2016]"
}


%magboltz
@ARTICLE{Magboltz,
  Title                    = {{Monte Carlo simulation of electron drift and diffusion in counting gases under the influence of electric and magnetic fields}},
  Author                   = {Biagi, S.F.},
  Journal                  = {{Nuclear Instruments and Methods in Physics Research Section A: Accelerators, Spectrometers, Detectors and Associated Equipment}},
  Year                     = {1999},
  Number                   = {1},
  Pages                    = {234--240},
  Volume                   = {421},
  Publisher                = {{Elsevier}},
  doi                      = {10.1016/S0168-9002(98)01233-9}
}


%Proceedings R.Y. and K.F. et al. - theoretical resolution  
@ARTICLE{YonamineJinst2014,
  Title                    = {{Spatial resolutions of GEM TPC. A novel theoretical formula and its comparison to latest beam test data}},
  Author                   = {R Yonamine and K Fujii and K Ikematsu and A Ishikawa and T Fusayasu and P Gros and Y Kato and S Kawada and M Kobayashi and T Matsuda and O Nitoh and R D Settles and A Sugiyama and T Takahashi and J Tian and T Watanabe},
  Journal                  = {{Journal of Instrumentation}},
  Year                     = {2014},
  Number                   = {03},
  Pages                    = {{C03002}},
  Volume                   = {9},
  doi                      = {10.1088/1748-0221/9/03/C03002}
}

% PCA16
@mastersthesis{ShiMaster,
      author        = {Shi, Liangliang},
      title         = {{Characterization of a compact, high resolution readout system for micro-pattern gaseous detectors}},
      school        = {Lund University},
      year          = {2013},
      url           = {http://lup.lub.lu.se/student-papers/record/3410507}
}

@ARTICLE{EudetPCA16,
  Author      = {Leif J{\"o}nsson and Ulf Mj{\"o}rnmark},
  Title       = {{Front-end electronics and data acquisition for the LCTPC}},
  Year        = {2007},
  Journal     = {{Eudet-Memo}},
  Volume      = {{2007-53}},
  url         = {http://www.eudet.org/e26/e28/e182/e605/eudet-memo-2007-53.pdf}
}

@ARTICLE{EudetGearTPC,
  Author      = {Martin Killenberg and Stephen Turnbull},
  Title       = {{A Modular TPC Endplate Description for GEAR}},
  Year        = {2008},
  Journal     = {{Eudet-Memo}},
  Volume      = {{2008-31}},
  url         = {http://www.eudet.org/e26/e28/e615/e842/eudet-memo-2008-31.pdf}
}


@misc{GearILCSoft ,
  title = {{Homepage of the Gear toolkit (ILC Software)}},
  year = "2016",
  url = {http://ilcsoft.desy.de/portal/software_packages/gear/},
  note = "[Online; accessed 22-April-2016]"
}

% reference for oxygen ppm in ALICE
@TechReport{AliceUpgradeTDR,
  Title                    = {{Upgrade of the ALICE Time Projection Chamber}},
  Institution              = {CERN},
  Year                     = {2013},
  Address                  = {Geneva},
  Month                    = {Oct},
  Number                   = {CERN-LHCC-2013-020. ALICE-TDR-016},
  Collaboration            = {The ALICE Collaboration},
  Url                      = {http://cds.cern.ch/record/1622286/files/ALICE-TDR-016.pdf}
}

@article{Llopart:2007,
  title = {{Timepix, a 65k programmable pixel readout chip for arrival time, energy and/or photon counting measurements}},
  journal = {{Nucl. Instr. and Meth. A}},
  volume = {{581}},
  number = {{1-2}},
  pages = {{485 - 494}},
  year = {{2007}},
  issn = {{0168-9002}},
  doi = {10.1016/j.nima.2007.08.079},
  author = {{X. Llopart and R. Ballabriga and M. Campbell and L. Tlustos and W. Wong}},
}

@misc{DESY2TB ,
  title = {{Homepage of the DESY II testbeam Facility}},
  year = "2016",
  url = {http://testbeam.desy.de},
  note = "[Online; accessed 22-April-2016]"
}

@Article{Heed,
  Title                    = {Modeling of ionization produced by fast charged particles in gases},
  Author                   = {Smirnov, Igor B},
  Journal                  = {Nuclear Instruments and Methods in Physics Research Section A: Accelerators, Spectrometers, Detectors and Associated Equipment},
  Year                     = {2005},
  Number                   = {1},
  Pages                    = {474--493},
  Volume                   = {554},
  Publisher                = {Elsevier},
  doi                      = {10.1016/j.nima.2005.08.064}
}

@inproceedings{Kato:2014uha,
      author         = {Kato, Y. and others},
      title          = {Activity report of ILD-TPC Asia group},
      booktitle      = {Proceedings of the International Workshop on Future Linear Colliders
                        (LCWS13) Tokyo, Japan, November 11-15, 2013},
      year           = {2014},
      eprint         = {1403.7717},
      archivePrefix  = {arXiv},
      primaryClass   = {physics.ins-det},
}

@ARTICLE{altro:eudet08,
  Title                    = {{A General Purpose Electronic readout system for tests of Time Projection Chambers, equipped with different avalanche multiplication systems}},
  Year                     = {2008},
  Journal                  = {{Eudet-Memo}},
  Volume                   = {{2008-49}},
  url                      = {http://www.eudet.org/e26/e28/e615/e830/eudet-memo-2008-49.pdf},
  Author  = {{A. Oskarsson and K. Dehmelt and J-P. Dewulf and X. Janssen and A. Junique and L. J{\"o}nsson and G. De Lentdecker and B. Lundberg and U. Mj{\"o}rnmark and L. Musa and E. Stenlund and G. Trampitsch and R.Volkenborn and Y. Yang and L. {\"O}sterman}}
}



@book{Blum:2008,
  title={Particle Detection with Drift Chambers},
  author={Blum, W. and Riegler, W. and Rolandi, L.},
  isbn={9783540766841},
  lccn={2007940836},
  series={Particle Acceleration and Detection},
  year={2008},
  publisher={Springer Berlin Heidelberg},
  Edition                  = {second}
}

@Article{LCNote:MWPC,
  Title                    = {{Results from a TPC Prototype for the Linear Collider Tracker with the MWPC and GEM Endplate Technologies}},
  Author                   = {K. Ackermann and S. Arai and D C Arogancia and A.M. Bacala and M. Ball and T. Behnke and V. Eckardt and K. Fujii and N. Ghodbane and H C {Gooc Jr.} and T. Kijima and M. Hamann and M. Habu and R.-D. Heuer and K. Ikematsu and A. Kaukher and H. Kuroiwa and M.E. Janssen and Y. Kato and M. Kobayashi and T. Kuhl and T. Lux and T. Matsuda and A. Miyazaki and K. Nakamura and O. Nitoh and J. Pouthas and R L Reserva and P. Rosier and N. Sakamoto and T. Sanuki and R. Settles and A. Sugiyama and T. Takahashi and  T. Watanabe and P. Wienemann and R. Wurth and M. Yamaguchi and A. Yamaguchi and T. Yamamura and H. Yamaoka and  R. Yonamine},
  
  journal                  = {{LC Notes}},
  Reportid                 = {LC-DET-2012-066},
  Year                     = {2012},
  Url                      = {http://flc.desy.de/lcnotes}
}

@article{Abgrall201125,
title = "Time projection chambers for the \{T2K\} near detectors ",
journal = "Nuclear Instruments and Methods in Physics Research Section A: Accelerators, Spectrometers, Detectors and Associated Equipment ",
volume = "637",
number = "1",
pages = "25 - 46",
year = "2011",
note = "",
issn = "0168-9002",
doi = "http://dx.doi.org/10.1016/j.nima.2011.02.036",
url = "http://www.sciencedirect.com/science/article/pii/S0168900211003421",
author = {{N. Abgrall
and B. Andrieu and P. Baron and P. Bene and V. Berardi and J. Beucher and P. Birney and F. Blaszczyk and A. Blondel and C. Bojechko and M. Boyer and F. Cadoux and D. Calvet and M.G. Catanesi and A. Cervera and P. Colas and X. De La Broise and E. Delagnes and A. Delbart and M. Di Marco and F. Druillole and J. Dumarchez and S. Emery and L. Escudero and W. Faszer and D. Ferrere and A. Ferrero and K. Fransham and A. Gaudin and C. Giganti and I. Giomataris and J. Giraud and M. Goyette and K.
Hamano and C. Hearty and R. Henderson and S. Herlant and M. Ieva and B. Jamieson and G. Jover-Ma\~{n}as and D. Karlen and I. Kato and A. Konaka and K. Laihem and R. Langstaff and M. Laveder and A. Le Coguie and O. Le Dortz and M. Le Ross and M. Lenckowski and T. Lux and M. Macaire and K. Mahn and F. Masciocchi and E. Mazzucato and M. Mezzetto and A. Miller and J.-Ph. Mols and L. Monfregola and E. Monmarthe and J. Myslik and F. Nizery and R. Openshaw and E. Perrin and F. Pierre and D. Pierrepont and P. 
Poffenberger and B. Popov and E. Radicioni and M. Ravonel and J.-M. Reymond and J.-L. Ritou and M. Roney and S. Roth and F. S\'{a}nchez and A. Sarrat and R. Schroeter and A. Stahl and P. Stamoulis and J. Steinmann and D. Terhorst and D. Terront and V. Tvaskis and M. Usseglio and A. Vallereau and G. Vasseur and J. Wendland and G. Wikstr\"{o}m and M. Zito}},



keywords = "Time projection chamber",
keywords = "Drift chamber",
keywords = "Gas system",
keywords = "Micromegas",
keywords = "Neutrino oscillation "
}
